@misc{stork_systematic_2006,
	title ={Systematic {Evaluation} of {Satellite} {Remote} {Sensing} for {Identifying} {Uranium} {Mines} and {Mills}},
	url = {Sandia National Laboratories},
	number = {SAND2005-7791},
	author = {Stork, Christopher and Smartt, Heidi and Blair, Dianna and Smith, Jodi},
	year = {2006}
}
@article{ferreira_radiometric_2012,
	title = {Radiometric Evaluation in a Uranium Mine under a Decommisioning Process},
	volume = {2},
	number = {1},
	journal = {Energy and Environment Research},
	author = {Ferreira, Vinicius and Filho, Carlos and Rodrigues, Paulo and Fleming, Peter and Meira-Belo, Luiz},
	url = {http://dx.doi.org/10.5539/eer.v2n1p13},
	year = {2012},
	pages = {13}


}
@article{albright_2005,
author = { David   Albright  and  Corey   Hinderstein },
title = {Unraveling the A. Q. Khan and future proliferation networks},
journal = {The Washington Quarterly},
volume = {28},
number = {2},
pages = {109-128},
year = {2005},
	url = {http://dx.doi.org/10.1162/0163660053295176}
}


@article{singh_correlates_2004,
	title = {The correlates of nuclear proliferation: {A} quantitative test},
	volume = {48},
	number = {6},
	journal = {Journal of Conflict Resolution},
	author = {Singh, Sonali and Way, Christopher R},
	url =  {http://dx.doi.org/10.1177/0022002704269655},
        year = {2004},
	pages = {859--885}
}
@article{montgomery_perils_2009,
	title = {The perils of predicting proliferation},
	volume = {53},
	issn = {0022-0027},
	number = {2},
	journal = {Journal of Conflict Resolution},
	author = {Montgomery, Alexander H and Sagan, Scott D},
	url =  {http://dx.doi.org/10.1177/0022002708330581},
        year = {2009},
	pages = {302--328}
}

@article{li_model-based_2010,
	title = {Model-based calculations of the probability of a countryâ€™s nuclear proliferation decisions},
	volume = {52},
	issn = {0149-1970},
	number = {8},
	journal = {Progress in Nuclear Energy},
	author = {Li, Jun and Yim, Man-Sung and McNelis, David N},
url =  {http://dx.doi.org/10.1016/j.pnucene.2010.07.001},
year = {2010},
	pages = {789--808}
}


@article{fuhrmann_almost_2015,
	title = {Almost nuclear: introducing the nuclear latency dataset},
	issn = {0738-8942},
	journal = {Conflict Management and Peace Science},
	author = {Fuhrmann, Matthew and Tkach, Benjamin},
	year = {2015},
url =  {http://dx.doi.org/10.1177/0738894214559672},
pages = {443}
}

@techreport{noauthor_uranium_2014,
	title = {Uranium 2014: {Resources}, {Production} and {Demand}},
	url = {https://www.oecd-nea.org/ndd/pubs/2014/7209-uranium-2014.pdf},
	number = {NEA No. 7209},
	urldate = {2017-06-06},
	institution = {OECD Nuclear Energy Agency \& IAEA},
	year = {2014}
}
