@techreport{polity_scores,
institution =  "Center for Systemic Peace",
title = "Polity IV Annual Time-Series, 1800-2015",
year = "2017",
urldate = {2017-06-06},

url = "http://www.systemicpeace.org/inscrdata.html"
}

@techreport{mil_sp,
institution =  "Stockholm International Peace Research Institute",
title = "SIPRI Military Expenditure Database, 1949- 2016",
year = "2017",
urldate = {2017-06-06},
url = "https://www.sipri.org/databases/milex"
}

@techreport{power_react,
institution =  "International Atomic Energy Agency",
title = "Power Reactor Information System (PRIS)",
year = "2017",
urldate = {2017-06-06},
url ="https://www.iaea.org/PRIS/CountryStatistics/CountryStatisticsLandingPage.aspx"
}

@techreport{research_react,
institution =  "International Atomic Energy Agency",
title = "Research Reactor Database (RRDB)",
year = "2017",
urldate = {2017-06-06},
url ="https://nucleus.iaea.org/RRDB/RR/ReactorSearch.aspx?rf=1"
}

@techreport{mil_iso,
institution =  "Rice University", 
title = "The Alliance Treaty Obligations and Provisions Project (ATOP)",
year = "2017",
urldate = {2017-06-06},
url ="http://atop.rice.edu/search"
}

@techreport{conflict_ref,
institution =  "Uppsala University" , 
title = "Armed Conflict Dataset",
year = "2017",
urldate = {2017-06-06},
url ="https://www.prio.org/Data/Armed-Conflict/UCDP-PRIO/"
}

@techreport{latency_ref,
institution =  "Matthew Furhmann" , 
title = "Nuclear Latency",
year = "2017",
urldate = {2017-06-06},
url = "www.matthewfuhrmann.com/datasets.html" 
}

@article{hist_prolif,
author = "Meghan McGarry and Chris Hoffman and Drew Buys and Baptiste Mouginot and Paul Wilson",
title = "{Historical Proliferation Database}",
year = "2017",
month = "06",
url ="https://doi.org/10.6084/m9.figshare.5097745.v1"
}


@article{mbmore,
author = " Meghan McGarry and Baptiste Mouginot",
title = "{CYCLUS Nonproliferation Archetypes}",
year = "2017",
month = "06",
url = "https://doi.org/10.6084/m9.figshare.5097694.v1"
}


@article{cyclus_v1_0,
author = " Robert W. Carlsen and Matthew Gidden and Kathryn Huff and  Arrielle C. Opotowsky and Olzhas Rakhimov and  Anthony M. Scopatz and Zach Welch and Paul Wilson",
title = "{Cyclus v1.0.0}",
year = "2014",
month = "06",
url = "http://dx.doi.org/10.6084/m9.figshare.1041745"
}

@article{cyclus_v1_2,
author = "Robert Carlsen and Robert Flanagan and Matthew Gidden and Anthony Scopatz and John D. Xia",
title = "{Cyclus v1.2.0}",
year = "2014",
month = "12",
url = "http://dx.doi.org/10.6084/m9.figshare.1256424"
}

@article{cyclus_v1_3,
author = "Robert Carlsen and Robert Flanagan and Matthew Gidden and Kathryn Huff and Meghan McGarry and Arrielle Opotowsky and Anthony Scopatz and Paul Wilson and John Xia",
title = "{Cyclus v1.3.0}",
year = "2015",
month = "07",
url = "http://dx.doi.org/10.6084/m9.figshare.1427429"
}

@article{cyclus_v1_5,
author = "Robert Carlsen and Robert Flanagan and Matthew Gidden and Ryan Hodge and Meghan McGarry and Arrielle Opotowsky and Baptiste Mouginot and Anthony Scopatz and Paul Wilson",
title = "{Cyclus v1.5.0}",
year = "2016",
month = "12",
url = "https://doi.org/10.6084/m9.figshare.4312643.v2"
}

@book{taylor2014agent,
  title={Agent-based Modeling and Simulation},
  author={Taylor, Simon},
  year={2014},
  publisher={Palgrave Macmillan}
}

@inproceedings{Scopatz2012b,
author = {Anthony Scopatz and Paul K. Romano and Paul P.H. Wilson and Kathryn D. Huff},
address = {San Diego, CA, USA},
booktitle = {Am. Nuc. Soc. Winter Meeting 2012},
month = Nov,
title = {{PyNE: Python for Nuclear Engineering}},
volume={107},
year = {2012}
}

ONLINE{pyne2014,
author = {{the PyNE Development Team}},
title = {{PyNE: The Nuclear Engineering Toolkit}},
year = {2014},
url = {http://pyne.io}
}

@phdthesis{huff_integrated:_2013,
	title = {An {Integrated} {Used} {Fuel} {Disposition} and {Generic} {Repository} {Model} for {Fuel} {Cycle} {Analysis}},
	author = {Huff, Kathryn D.},
	school = {University of Wisconsin - Madison},
	year = {2013}
}
