@article{cyclus_v1_0,
author = " Robert W. Carlsen and Matthew Gidden and Kathryn Huff and  Arrielle C. Opotowsky and Olzhas Rakhimov and  Anthony M. Scopatz and Zach Welch and Paul Wilson",
title = "{Cyclus v1.0.0}",
year = "2014",
month = "06",
note = "http://dx.doi.org/10.6084/m9.figshare.1041745",
url = "http://dx.doi.org/10.6084/m9.figshare.1041745"
}

@article{cyclus_v1_2,
author = "Robert Carlsen and Robert Flanagan and Matthew Gidden and Anthony Scopatz and John D. Xia",
title = "{Cyclus v1.2.0}",
year = "2014",
month = "12",
note = "http://dx.doi.org/10.6084/m9.figshare.1256424",
url = "http://dx.doi.org/10.6084/m9.figshare.1256424"
}

@article{jennings2000agent,
  title={On agent-based software engineering},
  author={Jennings, Nicholas R},
  journal={Artificial intelligence},
  volume={117},
  number={2},
  pages={277--296},
  year={2000},
  publisher={Elsevier}
}

@book{taylor2014agent,
  title={Agent-based Modeling and Simulation},
  author={Taylor, Simon},
  year={2014},
  publisher={Palgrave Macmillan}
}



